@Preamble {
        {\hyphenation{Post-Script}}
}

@String{ICMA = {International Computer Music Association}}
@String{CMJ = {Computer Music Journal}}
@String{ProcICMC = {Proceedings of the International Computer Music Conference}}

@book{Flandrin:1999,
author = {Patrick Flandrin},
title = {Time-Frequency/Time-scale Analysis},
publisher = {Academic Press},
year = 1999}

@book{Helmholtz:1877,
author = {H. Helmholtz},
title = {On the Senstations of Tone},
publisher = {Dover},
year = 1877,
address = {New York, NY}
}
Levelt~\cite{Plomp:1965}, and Sethares~\cite{Sethares:1997}.
@Article{Plomp:1965,
author = {R. Plomp and W. J. M. Levelt},
title = {Tonal Consonance and Critical Bandwidth},
journal = {Journal of the Acoustical Society of America},
volume = 38,
pages = {548--560},
year = 1965
}

@book{Sethares:1997,
author = {William Sethares},
title = {Tuning, Timbre, Spectrum, Scale},
publisher = {Springer-Verlag},
year = 1997,
address = {New York, NY}
}

@book{Tenney:1988,
author = {J. Tenney},
title = {A History of 'Consonance' and 'Dissonance'},
publisher = {Excelsior Music},
year = 1988
}

@book{Tolimieri:1998,
author = {Richard Tolimieri and Myoung An},
title = {Time-Frequency Representations},
publisher = {Birkh\"{a}user},
address = {Boston, MA},
year = 1998
}

@book{Mallat:1998,
author = {S. Mallat},
title = {A Wavelet Tour of Signal Processing},
publisher = {Academic Press},
year = 1998
}

@article{Mallat:1993,
author = {S. Mallat and Z. Zhang},
title = {Matching Pursuits with Time-frequency Dictionaries},
journal = {IEEE Transactions on Signal Processing},
volume = 41,
pages = {3397--3415},
year = 1993
}

@InProceedings{Gribonval:1996,
author = {R. Gribonval and P. Depalle and X. Rodet and E. Bacry and S. Mallat},
title = {Sound Signal Decomposition Using a High Resolution Matching Pursuit},
booktitle =    ProcICMC,
year =         1996,
organization = ICMA
}
