@Preamble {
        {\hyphenation{Post-Script}}
}

@String{ICMA = {International Computer Music Association}}
@String{CMJ = {Computer Music Journal}}
@String{ProcICMC = {Proceedings of the International Computer Music Conference}}

@Article{boviks,
  author = 	 {Harry Q. Bovik and Larry Q. Bovik and Barry Q. Bovik},
  title = 	 {Bovik Banter {XIV}},
  journal = 	 {Journal of Bovik Studies},
  year = 	 1066,
  volume =	 1,
  number =	 1,
  pages =	 {11--22}
}

@InProceedings{superscalar,
  author =       {R. B. Dannenberg and C. W. Mercer},
  title =        {Real-Time Software Synthesis on Superscalar Architectures},
  pages =        {174--177},
  booktitle =    ProcICMC,
  year =         1992,
  organization = ICMA
}

@Article{canon,
  author =       {R. B. Dannenberg},
  title =        {The {Canon} Score Language},
  journal =      CMJ,
  year =         1989,
  volume =       13,
  number =       1,
  pages =        {47--56}
}
                  
@Book{mathews,
  author =       {M. V. Mathews},
  title =        {The Technology of Computer Music},
  publisher =    {MIT Press},
  year =         1969,
  address =      {Cambridge, Massachusetts}
}

@Article{ircam-mw,
  author =       {E. Lindemann and F. Dechelle and B. Smith and M. Starkier},
  title =        {The Architecture of the {IRCAM} Musical Workstation},
  journal =      CMJ,
  year =         1991,
  volume =       15,
  number =       3,
  pages =        {41--49}
}

@Article{fugue,
  author =       {R. B. Dannenberg and C. L. Fraley and P. Velikonja},
  title =        {Fugue: A Functional Language for Sound Synthesis},
  journal =      {Computer},
  year =         1991,
  volume =       24,
  number =       7,
  pages =        {36--42}
}
